%% Newly added

@article{perthame2024regularity,
  title={Existence, regularity and stability in a strongly degenerate nonlinear diffusion and haptotaxis model of cancer invasion},
  author={Perthame, Beno{\^\i}t and {{Villa}}, Chiara},
  journal = {arXiv preprint arXiv:2412.18261},
  year={2024},
note={hal-04854773 }
}

@article{lorenzi2024kinetic,
  title={Phenotype-structuring of non-local kinetic models of cell migration driven by environmental sensing},
  author={Lorenzi, Tommaso and Loy, Nadia and {{Villa}}, Chiara},
  journal = {arXiv preprint arXiv:2412.16258},
  year={2024},
note={hal-04851469 }
}

@article{almeida2024mathematical,
  title={Mathematical modelling of the contribution of senescent fibroblasts to basement membrane digestion during carcinoma invasion},
  author={Almeida, Lu{\'\i}s and Poulain, Alexandre and Pourtier, Albin Dr and {Villa}, Chiara},
  journal = {HAL preprint},
  year={2024},
  note={hal-04574340 }
}

@article{padovano2024development,
  title={The development of drug resistance in metastatic tumours under chemotherapy: an evolutionary perspective},
  author={Padovano, Federica and {Villa}, Chiara},
  journal={Journal of Theoretical Biology},
  volume={595},
  pages={111957},
  year={2024},
  publisher={Elsevier},
  note = {DOI: 10.1016/j.jtbi.2024.111957}
}

@article{macfarlane2022individual,
  title={Individual-based and continuum models of phenotypically heterogeneous growing cell populations},
  author={Macfarlane, Fiona R and Ruan, Xinran and Lorenzi, Tommaso},
  journal={AIMS Bioengineering},
  volume={9},
  number={1},
  pages={68--92},
  year={2022}
}

@article{bubba2020discrete,
  title={From a discrete model of chemotaxis with volume-filling to a generalized Patlak--Keller--Segel model},
  author={Bubba, Federica and Lorenzi, Tommaso and Macfarlane, Fiona R},
  journal={Proceedings of the Royal Society A},
  volume={476},
  number={2237},
  pages={20190871},
  year={2020},
  publisher={The Royal Society Publishing}
}

@article{buttenschon2020bridging,
  title={Bridging from single to collective cell migration: A review of models and links to experiments},
  author={Buttensch{\"o}n, Andreas and Edelstein-Keshet, Leah},
  journal={PLoS Computational Biology},
  volume={16},
  number={12},
  pages={e1008411},
  year={2020},
  publisher={Public Library of Science San Francisco, CA USA}
}

@article{theveneau2012neural,
  title={Neural crest delamination and migration: from epithelium-to-mesenchyme transition to collective cell migration},
  author={Theveneau, Eric and Mayor, Roberto},
  journal={Developmental Biology},
  volume={366},
  number={1},
  pages={34--54},
  year={2012},
  publisher={Elsevier}
}

@article{piacentino2020epithelial,
  title={Epithelial-to-mesenchymal transition and different migration strategies as viewed from the neural crest},
  author={Piacentino, Michael L and Li, Yuwei and Bronner, Marianne E},
  journal={Current Opinion in Cell Biology},
  volume={66},
  pages={43--50},
  year={2020},
  publisher={Elsevier}
}

@article{thiery2009epithelial,
  title={Epithelial-mesenchymal transitions in development and disease},
  author={Thiery, Jean Paul and Acloque, Herv{\'e} and Huang, Ruby YJ and Nieto, M Angela},
  journal={Cell},
  volume={139},
  number={5},
  pages={871--890},
  year={2009},
  publisher={Elsevier}
}

@article{piacentino2020epithelial,
  title={Epithelial-to-mesenchymal transition and different migration strategies as viewed from the neural crest},
  author={Piacentino, Michael L and Li, Yuwei and Bronner, Marianne E},
  journal={Current Opinion in Cell Biology},
  volume={66},
  pages={43--50},
  year={2020},
  publisher={Elsevier}
}
@article{mclennan2020neural,
  title={Neural crest cells bulldoze through the microenvironment using Aquaporin 1 to stabilize filopodia},
  author={McLennan, Rebecca and McKinney, Mary C and Teddy, Jessica M and Morrison, Jason A and Kasemeier-Kulesa, Jennifer C and Ridenour, Dennis A and Manthe, Craig A and Giniunaite, Rasa and Robinson, Martin and Baker, Ruth E and others},
  journal={Development},
  volume={147},
  number={1},
  pages={dev185231},
  year={2020},
  publisher={The Company of Biologists Ltd}
}

@article{villa2024reducing,
  title={Reducing phenotype-structured partial differential equations models of cancer evolution to systems of ordinary differential equations: a generalised moment dynamics approach},
  author={Villa, Chiara and Maini, Philip K and Browning, Alexander P and Jenner, Adrianne L and Hamis, Sara and Cassidy, Tyler},
  journal={Journal of Mathematical Biology},
  volume={91},
  number={2},
  pages={22},
  year={2025},
  publisher={Springer},
  note={DOI: 10.1007/s00285-025-02246-5}
}

@article{kothari2014novel,
  title={Novel clinical therapeutics targeting the epithelial to mesenchymal transition},
  author={Kothari, Anai N and Mi, Zhiyong and Zapf, Matthew and Kuo, Paul C},
  journal={Clinical and Translational Medicine},
  volume={3},
  pages={1--14},
  year={2014},
  publisher={Springer}
}

@article{liu2024parameter,
  title={Parameter identifiability and model selection for partial differential equation models of cell invasion},
  author={Liu, Yue and Suh, Kevin and Maini, Philip K and Cohen, Daniel J and Baker, Ruth E},
  journal={Journal of the Royal Society Interface},
  volume={21},
  number={212},
  pages={20230607},
  year={2024},
  publisher={The Royal Society}
}

@article{browning2024identifiability,
  title={Identifiability of phenotypic adaptation from low-cell-count experiments and a stochastic model},
  author={Browning, Alexander P and Crossley, Rebecca M and Villa, Chiara and Maini, Philip K and Jenner, Adrianne L and Cassidy, Tyler and Hamis, Sara},
  journal={PLOS Computational Biology},
  volume={21},
  number={6},
  pages={e1013202},
  year={2025},
  publisher={Public Library of Science San Francisco, CA USA},
  note={DOI: 10.1371/journal.pcbi.1013202}
}

@article{hamis2024growth,
  title={Growth rate-driven modelling reveals how phenotypic adaptation drives drug resistance in BRAFV600E-mutant melanoma},
  author={Hamis, Sara and Browning, Alexander P and Jenner, Adrianne L and {Villa}, Chiara and Maini, Philip and Cassidy, Tyler},
  journal={bioRxiv preprint 2024.08.14.607616},
  pages={2024--08},
  year={2024},
  publisher={Cold Spring Harbor Laboratory},
  note = {hal-04851795v1}
}

@article{celora2022dna,
  title={A DNA-structured mathematical model of cell-cycle progression in cyclic hypoxia},
  author={Celora, Giulia L and Bader, Samuel B and Hammond, Ester M and Maini, Philip K and Pitt-Francis, Joe M and Byrne, Helen M},
  journal={Journal of Theoretical Biology},
  volume={545},
  pages={111104},
  year={2022},
  publisher={Elsevier}
}

%%%%

@article{mascia2020phase,
  title={Phase transitions of biological phenotypes by means of a prototypical PDE model},
  author={Mascia, Corrado and Moschetta, Pierfrancesco and Simeoni, Chiara},
  journal={Communications in Applied and Industrial Mathematics},
  volume={11},
  number={1},
  pages={1--17},
  year={2020}
}

@article{crossley2024phenotypic,
  title={Phenotypic switching mechanisms determine the structure of cell migration into extracellular matrix under the ‘go-or-grow’hypothesis},
  author={Crossley, Rebecca M and Painter, Kevin J and Lorenzi, Tommaso and Maini, Philip K and Baker, Ruth E},
  journal={Mathematical Biosciences},
  pages={109240},
  year={2024},
  publisher={Elsevier}
}

@article{maini2004travelling,
  title={Travelling waves in a wound healing assay},
  author={Maini, Philip K and McElwain, DL Sean and Leavesley, David},
  journal={Applied Mathematics Letters},
  volume={17},
  number={5},
  pages={575--580},
  year={2004},
  publisher={Elsevier}
}

@article{colson2021travelling,
  title={Travelling-wave analysis of a model of tumour invasion with degenerate, cross-dependent diffusion},
  author={Colson, Chlo{\'e} and S{\'a}nchez-Gardu{\~n}o, Faustino and Byrne, Helen M and Maini, Philip K and Lorenzi, Tommaso},
  journal={Proceedings of the Royal Society A},
  volume={477},
  number={2256},
  pages={20210593},
  year={2021},
  publisher={The Royal Society}
}

@article{celia2018hysteresis,
  title={Hysteresis control of epithelial-mesenchymal transition dynamics conveys a distinct program with enhanced metastatic ability},
  author={Celi{\`a}-Terrassa, Toni and Bastian, Caleb and Liu, Daniel D and Ell, Brian and Aiello, Nicole M and Wei, Yong and Zamalloa, Jose and Blanco, Andres M and Hang, Xiang and Kunisky, Dmitriy and others},
  journal={Nature Communications},
  volume={9},
  number={1},
  pages={5005},
  year={2018},
  publisher={Nature Publishing Group UK London}
}

@article{shen2020cell,
  title={Cell plasticity in cancer cell populations},
  author={Shen, Shensi and Clairambault, Jean},
  journal={F1000Research},
  volume={9},
  year={2020},
  publisher={Faculty of 1000 Ltd}
}

@article{wang2020senescent,
  title={Senescent cells in cancer therapy: friends or foes?},
  author={Wang, Boshi and Kohli, Jaskaren and Demaria, Marco},
  journal={Trends in cancer},
  volume={6},
  number={10},
  pages={838--857},
  year={2020},
  publisher={Elsevier}
}

@article{kuznetsov2021improving,
  title={Improving cancer treatments via dynamical biophysical models},
  author={Kuznetsov, Maxim and Clairambault, Jean and Volpert, Vitaly},
  journal={Physics of life reviews},
  volume={39},
  pages={1--48},
  year={2021},
  publisher={Elsevier}
}

@article{blatchley2019hypoxia,
  title={Hypoxia and matrix viscoelasticity sequentially regulate endothelial progenitor cluster-based vasculogenesis},
  author={Blatchley, Michael R and Hall, Franklyn and Wang, Songnan and Pruitt, Hawley C and Gerecht, Sharon},
  journal={Science advances},
  volume={5},
  number={3},
  pages={eaau7518},
  year={2019},
  publisher={American Association for the Advancement of Science}
}

@article{gerisch2010approximation,
  title={On the approximation and efficient evaluation of integral terms in PDE models of cell adhesion},
  author={Gerisch, A},
  journal={IMA journal of numerical analysis},
  volume={30},
  number={1},
  pages={173--194},
  year={2010},
  publisher={OUP}
}

@book{murray2001mathematical,
  title={Mathematical biology. II Spatial models and biomedical applications $\{$Interdisciplinary Applied Mathematics V. 18$\}$},
  author={Murray, James D},
  year={2001},
  publisher={Springer-Verlag New York Incorporated}
}

@book{fung2013biomechanics,
  title={Biomechanics: mechanical properties of living tissues},
  author={Fung, Yuan-cheng},
  year={2013},
  publisher={Springer Science \& Business Media}
}

@article{armstrong2006continuum,
  title={A continuum approach to modelling cell--cell adhesion},
  author={Armstrong, Nicola J and Painter, Kevin J and Sherratt, Jonathan A},
  journal={Journal of theoretical biology},
  volume={243},
  number={1},
  pages={98--113},
  year={2006},
  publisher={Elsevier}
}

@article{murray2003mechanochemical,
  title={On the mechanochemical theory of biological pattern formation with application to vasculogenesis},
  author={Murray, James D},
  journal={Comptes rendus biologies},
  volume={326},
  number={2},
  pages={239--252},
  year={2003},
  publisher={Elsevier}
}

@article{scianna2013review,
  title={A review of mathematical models for the formation of vascular networks},
  author={Scianna, Marco and Bell, CG and Preziosi, Luigi},
  journal={Journal of theoretical biology},
  volume={333},
  pages={174--209},
  year={2013},
  publisher={Elsevier}
}

@article{milo2002network,
  title={Network motifs: simple building blocks of complex networks},
  author={Milo, Ron and Shen-Orr, Shai and Itzkovitz, Shalev and Kashtan, Nadav and Chklovskii, Dmitri and Alon, Uri},
  journal={Science},
  volume={298},
  number={5594},
  pages={824--827},
  year={2002},
  publisher={American Association for the Advancement of Science}
}

@book{ohno2013evolution,
  title={Evolution by gene duplication},
  author={Ohno, Susumu},
  year={2013},
  publisher={Springer Science \& Business Media}
}

@article{gerstein2012architecture,
  title={Architecture of the human regulatory network derived from ENCODE data},
  author={Gerstein, Mark B and Kundaje, Anshul and Hariharan, Manoj and Landt, Stephen G and Yan, Koon-Kiu and Cheng, Chao and Mu, Xinmeng Jasmine and Khurana, Ekta and Rozowsky, Joel and Alexander, Roger and others},
  journal={Nature},
  volume={489},
  number={7414},
  pages={91--100},
  year={2012},
  publisher={Nature Publishing Group UK London}
}

@article{alfarouk2013riparian,
  title={Riparian ecosystems in human cancers},
  author={Alfarouk, Khalid O and Ibrahim, Muntaser E and Gatenby, Robert A and Brown, Joel S},
  journal={Evolutionary applications},
  volume={6},
  number={1},
  pages={46--53},
  year={2013},
  publisher={Wiley Online Library}
}

@article{marusyk2020intratumor,
  title={Intratumor heterogeneity: the rosetta stone of therapy resistance},
  author={Marusyk, Andriy and Janiszewska, Michalina and Polyak, Kornelia},
  journal={Cancer cell},
  volume={37},
  number={4},
  pages={471--484},
  year={2020},
  publisher={Elsevier}
}

@article{schuh2017imaging,
  title={Imaging blood vessel morphology in skin: dynamic optical coherence tomography as a novel potential diagnostic tool in dermatology},
  author={Schuh, Sandra and Holmes, Jon and Ulrich, Martina and Themstrup, Lotte and Jemec, Gregor BE and De Carvalho, Nathalie and Pellacani, Giovanni and Welzel, Julia},
  journal={Dermatology and therapy},
  volume={7},
  pages={187--202},
  year={2017},
  publisher={Springer}
}

@article{tasdogan2020metabolic,
  title={Metabolic heterogeneity confers differences in melanoma metastatic potential},
  author={Tasdogan, Alpaslan and Faubert, Brandon and Ramesh, Vijayashree and Ubellacker, Jessalyn M and Shen, Bo and Solmonson, Ashley and Murphy, Malea M and Gu, Zhimin and Gu, Wen and Martin, Misty and others},
  journal={Nature},
  volume={577},
  number={7788},
  pages={115--120},
  year={2020},
  publisher={Nature Publishing Group UK London}
}

@article{keenan2015alternative,
  title={Alternative fuels for cancer cells},
  author={Keenan, Melissa M and Chi, Jen-Tsan},
  journal={The Cancer Journal},
  volume={21},
  number={2},
  pages={49--55},
  year={2015},
  publisher={LWW}
}

@article{semenza2012hypoxia,
  title={Hypoxia-inducible factors: mediators of cancer progression and targets for cancer therapy},
  author={Semenza, Gregg L},
  journal={Trends in pharmacological sciences},
  volume={33},
  number={4},
  pages={207--214},
  year={2012},
  publisher={Elsevier}
}

@article{avagliano2020metabolic,
  title={Metabolic plasticity of melanoma cells and their crosstalk with tumor microenvironment},
  author={Avagliano, Angelica and Fiume, Giuseppe and Pelagalli, Alessandra and Sanit{\`a}, Gennaro and Ruocco, Maria Rosaria and Montagnani, Stefania and Arcucci, Alessandro},
  journal={Frontiers in Oncology},
  volume={10},
  pages={722},
  year={2020},
  publisher={Frontiers Media SA}
}

@article{thankamony2021lineage,
  title={Lineage plasticity in cancer: the tale of a skin-walker},
  author={Thankamony, Archana P and Subbalakshmi, Ayalur Raghu and Jolly, Mohit Kumar and Nair, Radhika},
  journal={Cancers},
  volume={13},
  number={14},
  pages={3602},
  year={2021},
  publisher={MDPI}
}

@article{champagnat2006unifying,
  title={Unifying evolutionary dynamics: from individual stochastic processes to macroscopic models},
  author={Champagnat, Nicolas and Ferri{\`e}re, R{\'e}gis and M{\'e}l{\'e}ard, Sylvie},
  journal={Theoretical population biology},
  volume={69},
  number={3},
  pages={297--321},
  year={2006},
  publisher={Elsevier}
}

@article{martinez2014bayesopt,
  title={BayesOpt: a Bayesian optimization library for nonlinear optimization, experimental design and bandits.},
  author={Martinez-Cantin, Ruben},
  journal={J. Mach. Learn. Res.},
  volume={15},
  number={1},
  pages={3735--3739},
  year={2014}
}

@online{bio-rad-controls,
  title        = {Controls for Flow Cytometry},
  author       = {{Bio-Rad Laboratories, Inc.}},
  url          = {https://www.bio-rad-antibodies.com/flow-cytometry-controls.html},
  year         = {2024}
}

@article{nirmal2022spatial,
  title={The spatial landscape of progression and immunoediting in primary melanoma at single-cell resolution},
  author={Nirmal, Ajit J and Maliga, Zoltan and Vallius, Tuulia and Quattrochi, Brian and Chen, Alyce A and Jacobson, Connor A and Pelletier, Roxanne J and Yapp, Clarence and Arias-Camison, Raquel and Chen, Yu-An and others},
  journal={Cancer discovery},
  volume={12},
  number={6},
  pages={1518--1541},
  year={2022},
  publisher={AACR}
}

@article{wei2023delineating,
  title={Delineating the early dissemination mechanisms of acral melanoma by integrating single-cell and spatial transcriptomic analyses},
  author={Wei, Chuanyuan and Sun, Wei and Shen, Kangjie and Zhong, Jingqin and Liu, Wanlin and Gao, Zixu and Xu, Yu and Wang, Lu and Hu, Tu and Ren, Ming and others},
  journal={Nature Communications},
  volume={14},
  number={1},
  pages={8119},
  year={2023},
  publisher={Nature Publishing Group UK London}
}

@article{chakraborty2018onco,
  title={Onco-multi-OMICS approach: a new frontier in cancer research},
  author={Chakraborty, Sajib and Hosen, Md Ismail and Ahmed, Musaddeque and Shekhar, Hossain Uddin},
  journal={BioMed research international},
  volume={2018},
  year={2018},
  publisher={Hindawi Limited}
}

@article{houser2023use,
  title={The Use of Single Cell RNA-seq and Spatial Transcriptomics in Understanding the Pathogenesis and Treatment of Skin Diseases},
  author={Houser, Aubrey E and Kazmi, Abiha and Nair, Arjun K and Ji, Andrew L},
  journal={JID Innovations},
  pages={100198},
  year={2023},
  publisher={Elsevier}
}

@article{tarazona2021undisclosed,
  title={Undisclosed, unmet and neglected challenges in multi-omics studies},
  author={Tarazona, Sonia and Arzalluz-Luque, Angeles and Conesa, Ana},
  journal={Nature Computational Science},
  volume={1},
  number={6},
  pages={395--402},
  year={2021},
  publisher={Nature Publishing Group US New York}
}

@article{myung2003tutorial,
  title={Tutorial on maximum likelihood estimation},
  author={Myung, In Jae},
  journal={Journal of mathematical Psychology},
  volume={47},
  number={1},
  pages={90--100},
  year={2003},
  publisher={Elsevier}
}

@misc{amin2020gene,
  author       = {Amin R. Mohamed and Antonio Reverter and James Kijas},
  title        = {Gene Regulatory Network},
  year         = {2020},
  howpublished = {\url{https://dx.doi.org/10.17504/protocols.io.bm6rk9d6}}
}

@article{biondo2023equilibrium,
  author       = {Marta Biondo and Abhyudai Singh and Michele Caselle and Matteo Osella},
  title        = {Out-of-equilibrium gene expression fluctuations in the presence of extrinsic noise},
  journal      = {Physical Biology},
  volume       = {20},
  number       = {5},
  pages        = {056007},
  year         = {2023},
  publisher    = {IOP Publishing Ltd},
  doi          = {10.1088/1478-3975/acea4e}
}


@article{kweon2022metronomic,
  title={Metronomic dose-finding approach in oral chemotherapy by experimentally-driven integrative mathematical modeling},
  author={Kweon, Seho and Jeong, Yoo-Seong and Chung, Seung Woo and Lee, Hanul and Lee, Ha Kyeong and Park, Seong Jin and Choi, Jeong Uk and Park, Jooho and Chung, Suk-Jae and Byun, Youngro},
  journal={Biomaterials},
  volume={286},
  pages={121584},
  year={2022},
  publisher={Elsevier}
}

@article{pianosi2015matlab,
  title={A Matlab toolbox for global sensitivity analysis},
  author={Pianosi, Francesca and Sarrazin, Fanny and Wagener, Thorsten},
  journal={Environmental Modelling \& Software},
  volume={70},
  pages={80--85},
  year={2015},
  publisher={Elsevier}
}

@misc{dullemond2008advection,
  title={Advection algorithms II: Flux conservation, subgrid models and flux limiters},
  author={Dullemond, C},
  year={2008},
  publisher={University of Heidelberg. Retrieved from mpia-hd. mpg. de/homes/dullemon~…}
}

@article{kavran2022intermittent,
  title={Intermittent treatment of BRAFV600E melanoma cells delays resistance by adaptive resensitization to drug rechallenge},
  author={Kavran, Andrew J and Stuart, Scott A and Hayashi, Kristyn R and Basken, Joel M and Brandhuber, Barbara J and Ahn, Natalie G},
  journal={Proceedings of the National Academy of Sciences},
  volume={119},
  number={12},
  pages={e2113535119},
  year={2022},
  publisher={National Acad Sciences}
}

@misc{villa2024code-nadia,
  author       = {{Villa}, Chiara and Loy, Nadia},
  title        = {LorenziEtAl2024Phenotype: Simulate microscopic and macroscopic models of cell migration (Matlab code)},
  year         = {2024},
  howpublished = {\url{https://github.com/ChiaraVilla/LorenziEtAl2024Modelling}},
  note         = {GNU General Public License},
}

@misc{villa2024code-alex,
  author       = {Poulain, Alexandre and {Villa}, Chiara},
  title        = {TumInvasion-BM: Simulation of the rupture of the basement membrane by the effect of tumor cells (Matlab code)},
  year         = {2024},
  howpublished = {\url{https://github.com/alexandrepoulain/TumInvasion-BM}},
  note         = {BSD 2-Clause License},
}

@misc{villa2023code,
  author       = {{Villa}, Chiara},
  title        = {AlmeidaEtAl2023Evolutionary: calibrate phenotype-structured equation models with experimental data (Matlab code)},
  year         = {2023},
  howpublished = {\url{https://github.com/ChiaraVilla/AlmeidaEtAl2023Evolutionary}},
  note         = {GNU General Public License},
}

@misc{villa2021code-alf,
  author       = {{Villa}, Chiara and Gerisch, Alf},
  title        = {VillaEtAl2021BullMathBio: simulate mechanical models of pattern formation (Matlab code)},
  year         = {2021},
  howpublished = {\url{https://git-ce.rwth-aachen.de/alf.gerisch/VillaEtAl2021BullMathBiol}},
  note         = {GNU General Public License},
}


@misc{INCaEpidemiology,
  title = {Épidémiologie des cancers cutanés (Date de dernière mise à jour: 05/07/2023).},
  author = {{Institut National du Cancer}},
  howpublished = {\url{https://www.e-cancer.fr/Professionnels-de-sante/Depistage-et-detection-precoce/Detection-precoce-des-cancers-de-la-peau/Epidemiologie}}
}

@online{WHO_UV_SkinCancer,
  title = {Radiation: Ultraviolet (UV) Radiation and Skin Cancer (16/10/2017)},
  author = {{World Health Organization}},
  url = {https://www.who.int/news-room/questions-and-answers/item/radiation-ultraviolet-(uv)-radiation-and-skin-cancer}
}

@article{girel2018existence,
  title={Existence and stability of periodic solutions of an impulsive differential equation and application to CD8 T-cell differentiation},
  author={Girel, Simon and Crauste, Fabien},
  journal={Journal of Mathematical Biology},
  volume={76},
  number={7},
  pages={1765--1795},
  year={2018},
  publisher={Springer}
}

@article{villa2022novel,
  title={A novel nonlocal partial differential equation model of endothelial progenitor cell cluster formation during the early stages of vasculogenesis},
  author={{Villa}, Chiara and Gerisch, Alf and Chaplain, Mark A J},
  journal={Journal of Theoretical Biology},
  volume={534},
  pages={110963},
  year={2022},
  publisher={Elsevier},
  note={DOI: 10.1016/j.jtbi.2021.110963}
}

@article{xun2013parameter,
  title={Parameter estimation of partial differential equation models},
  author={Xun, Xiaolei and Cao, Jiguo and Mallick, Bani and Maity, Arnab and Carroll, Raymond J},
  journal={Journal of the American Statistical Association},
  volume={108},
  number={503},
  pages={1009--1020},
  year={2013},
  publisher={Taylor \& Francis}
}

@article{mottes2021impact,
  title={The impact of whole genome duplications on the human gene regulatory networks},
  author={Mottes, Francesco and {Villa}, Chiara and Osella, Matteo and Caselle, Michele},
  journal={PLoS Computational Biology},
  volume={17},
  number={12},
  pages={e1009638},
  year={2021},
  publisher={Public Library of Science San Francisco, CA USA},
  note={DOI: 10.1371/journal.pcbi.1009638}
}

@article{han2017gene,
  title={Gene regulatory network rewiring in the immune cells associated with cancer},
  author={Han, Pengyong and Gopalakrishnan, Chandrasekhar and Yu, Haiquan and Wang, Edwin},
  journal={Genes},
  volume={8},
  number={11},
  pages={308},
  year={2017},
  publisher={MDPI}
}

@article{das2020integration,
  title={Integration of online omics-data resources for cancer research},
  author={Das, Tonmoy and Andrieux, Geoffroy and Ahmed, Musaddeque and Chakraborty, Sajib},
  journal={Frontiers in Genetics},
  volume={11},
  pages={578345},
  year={2020},
  publisher={Frontiers Media SA}
}

@article{reinfeld2021cell,
  title={Cell-programmed nutrient partitioning in the tumour microenvironment},
  author={Reinfeld, Bradley I and Madden, Matthew Z and Wolf, Melissa M and Chytil, Anna and Bader, Jackie E and Patterson, Andrew R and Sugiura, Ayaka and Cohen, Allison S and Ali, Ahmed and Do, Brian T and others},
  journal={Nature},
  volume={593},
  number={7858},
  pages={282--288},
  year={2021},
  publisher={Nature Publishing Group UK London}
}

@article{chang2015metabolic,
  title={Metabolic competition in the tumor microenvironment is a driver of cancer progression},
  author={Chang, Chih-Hao and Qiu, Jing and O’Sullivan, David and Buck, Michael D and Noguchi, Takuro and Curtis, Jonathan D and Chen, Qiongyu and Gindin, Mariel and Gubin, Matthew M and Van Der Windt, Gerritje JW and others},
  journal={Cell},
  volume={162},
  number={6},
  pages={1229--1241},
  year={2015},
  publisher={Elsevier}
}

@article{malaquin2013senescent,
  title={Senescent fibroblasts enhance early skin carcinogenic events via a paracrine MMP-PAR-1 axis},
  author={Malaquin, Nicolas and Vercamer, Chantal and Bouali, Fatima and Martien, Sebastien and Deruy, Emeric and Wernert, Nicolas and Chwastyniak, Maggy and Pinet, Florence and Abbadie, Corinne and Pourtier, Albin},
  journal={PloS one},
  volume={8},
  number={5},
  pages={e63607},
  year={2013},
  publisher={Public Library of Science San Francisco, USA}
}

@article{girel2019model,
  title={Model-based assessment of the Role of Uneven Partitioning of Molecular Content on Heterogeneity and Regulation of Differentiation in CD8 T-cell Immune Responses},
  author={Girel, Simon and Arpin, Christophe and Marvel, Jacqueline and Gandrillon, Olivier and Crauste, Fabien},
  journal={Frontiers in Immunology},
  volume={10},
  pages={230},
  year={2019},
  publisher={Frontiers Media SA}
}

@article{barbarroux2018multiscale,
  title={A multiscale model of the CD8 T cell immune response structured by intracellular content},
  author={Barbarroux, Lo{\"\i}c and Michel, Philippe and Adimy, Mostafa and Crauste, Fabien},
  journal={Discrete and Continuous Dynamical Systems-B},
  volume={23},
  number={9},
  pages={3969--4002},
  year={2018},
  publisher={Discrete and Continuous Dynamical Systems-B}
}

@inproceedings{barbarroux2016multi,
  title={Multi-scale modeling of the CD8 immune response},
  author={Barbarroux, Loic and Michel, Philippe and Adimy, Mostafa and Crauste, Fabien},
  booktitle={AIP Conference Proceedings},
  volume={1738},
  number={1},
  year={2016},
  organization={AIP Publishing}
}

@article{prokopiou2014multiscale,
  title={Multiscale modeling of the early CD8 T-cell immune response in lymph nodes: an integrative study},
  author={Prokopiou, Sotiris A and Barbarroux, Loic and Bernard, Samuel and Mafille, Julien and Leverrier, Yann and Arpin, Christophe and Marvel, Jacqueline and Gandrillon, Olivier and Crauste, Fabien},
  journal={Computation},
  volume={2},
  number={4},
  pages={159--181},
  year={2014},
  publisher={MDPI}
}

@article{almeida2024evolutionary,
  title={Evolutionary dynamics of glucose-deprived cancer cells: insights from experimentally informed mathematical modelling},
  author={Almeida, Luis and Denis, J{\'e}r{\^o}me Alexandre and Ferrand, Nathalie and Lorenzi, Tommaso and Prunet, Antonin and Sabbah, Mich{\'e}le and {Villa}, Chiara},
  journal={Journal of the Royal Society Interface},
  volume={21},
  number={210},
  pages={20230587},
  year={2024},
  publisher={The Royal Society},
  note={DOI: 10.1098/rsif.2023.0587}
}

@article{barbuti2020survey,
  title={A survey of gene regulatory networks modelling methods: from differential equations, to Boolean and qualitative bioinspired models},
  author={Barbuti, Roberto and Gori, Roberta and Milazzo, Paolo and Nasti, Lucia},
  journal={Journal of Membrane Computing},
  volume={2},
  pages={207--226},
  year={2020},
  publisher={Springer}
}

@article{montagud2022patient,
  title={Patient-specific Boolean models of signalling networks guide personalised treatments},
  author={Montagud, Arnau and B{\'e}al, Jonas and Tobalina, Luis and Traynard, Pauline and Subramanian, Vigneshwari and Szalai, Bence and Alf{\"o}ldi, R{\'o}bert and Pusk{\'a}s, L{\'a}szl{\'o} and Valencia, Alfonso and Barillot, Emmanuel and others},
  journal={Elife},
  volume={11},
  pages={e72626},
  year={2022},
  publisher={eLife Sciences Publications Limited}
}

@article{lu2013microrna,
  title={MicroRNA-based regulation of epithelial--hybrid--mesenchymal fate determination},
  author={Lu, Mingyang and Jolly, Mohit Kumar and Levine, Herbert and Onuchic, Jos{\'e} N and Ben-Jacob, Eshel},
  journal={Proceedings of the National Academy of Sciences},
  volume={110},
  number={45},
  pages={18144--18149},
  year={2013},
  publisher={National Acad Sciences}
}

@article{nieto2016emt,
  title={EMT: 2016},
  author={Nieto, M Angela and Huang, Ruby Yun-Ju and Jackson, Rebecca A and Thiery, Jean Paul},
  journal={Cell},
  volume={166},
  number={1},
  pages={21--45},
  year={2016},
  publisher={Elsevier}
}

@article{sripathi2021transcriptome,
  title={Transcriptome landscape of epithelial to mesenchymal transition of human stem cell--derived RPE},
  author={Sripathi, Srinivasa R and Hu, Ming-Wen and Liu, Melissa M and Wan, Jun and Cheng, Jie and Duan, Yukan and Mertz, Joseph L and Wahlin, Karl J and Maruotti, Julien and Berlinicke, Cynthia A and others},
  journal={Investigative ophthalmology \& visual science},
  volume={62},
  number={4},
  pages={1--1},
  year={2021},
  publisher={The Association for Research in Vision and Ophthalmology}
}

@article{lorenzi2024phenotype,
  title={Phenotype structuring in collective cell migration: a tutorial of mathematical models and methods},
  author={Lorenzi, Tommaso and Painter, Kevin J and Villa, Chiara},
  journal={Journal of Mathematical Biology},
  volume={90},
  number={6},
  pages={61},
  year={2025},
  publisher={Springer},
  note={DOI: 10.1007/s00285-025-02223-y}
}


@article{kalluri2009emt,
  title={EMT: when epithelial cells decide to become mesenchymal-like cells},
  author={Kalluri, Raghu and others},
  journal={The Journal of clinical investigation},
  volume={119},
  number={6},
  pages={1417--1419},
  year={2009},
  publisher={Am Soc Clin Investig}
}

@article{kolbe2022adaptive,
  title={An adaptive rectangular mesh administration and refinement technique with application in cancer invasion models},
  author={Kolbe, Niklas and Sfakianakis, Nikolaos},
  journal={Journal of Computational and Applied Mathematics},
  volume={416},
  pages={114442},
  year={2022},
  publisher={Elsevier}
}

@article{calvez2023concentration,
  title={Concentration in Lotka--Volterra parabolic equations: an asymptotic-preserving scheme},
  author={Calvez, Vincent and Hivert, H{\'e}l{\`e}ne and Yolda{\c{s}}, Havva},
  journal={Numerische Mathematik},
  pages={1--51},
  year={2023},
  publisher={Springer}
}

@article{cerezo2020cancer,
  title={Cancer cell metabolic reprogramming: A keystone for the response to immunotherapy},
  author={Cerezo, Micha{\"e}l and Rocchi, St{\'e}phane},
  journal={Cell Death \& Disease},
  volume={11},
  number={11},
  pages={964},
  year={2020},
  publisher={Nature Publishing Group UK London}
}

@article{robert2015pembrolizumab,
  title={Pembrolizumab versus ipilimumab in advanced melanoma},
  author={Robert, Caroline and Schachter, Jacob and Long, Georgina V and Arance, Ana and Grob, Jean Jacques and Mortier, Laurent and Daud, Adil and Carlino, Matteo S and McNeil, Catriona and Lotem, Michal and others},
  journal={New England Journal of Medicine},
  volume={372},
  number={26},
  pages={2521--2532},
  year={2015},
  publisher={Mass Medical Soc}
}

@article{boussange2023deep,
  title={Deep learning approximations for non-local nonlinear PDEs with Neumann boundary conditions},
  author={Boussange, Victor and Becker, Sebastian and Jentzen, Arnulf and Kuckuck, Benno and Pellissier, Lo{\"\i}c},
  journal={Partial Differential Equations and Applications},
  volume={4},
  number={6},
  pages={51},
  year={2023},
  publisher={Springer}
}

@article{ardavseva2020comparative,
  title={Comparative study between discrete and continuum models for the evolution of competing phenotype-structured cell populations in dynamical environments},
  author={Arda{\v{s}}eva, Aleksandra and Anderson, Alexander RA and Gatenby, Robert A and Byrne, Helen M and Maini, Philip K and Lorenzi, Tommaso},
  journal={Physical Review E},
  volume={102},
  number={4},
  pages={042404},
  year={2020},
  publisher={APS}
}

@article{pouchol2018asymptotic,
  title={Asymptotic analysis and optimal control of an integro-differential system modelling healthy and cancer cells exposed to chemotherapy},
  author={Pouchol, Camille and Clairambault, Jean and Lorz, Alexander and Tr{\'e}lat, Emmanuel},
  journal={Journal de Math{\'e}matiques Pures et Appliqu{\'e}es},
  volume={116},
  pages={268--308},
  year={2018},
  publisher={Elsevier}
}

@article{guilberteau2021monostability,
  title={Monostability and bistability of biological switches},
  author={Guilberteau, Jules and Pouchol, Camille and Pouradier Duteil, Nastassia},
  journal={Journal of Mathematical Biology},
  volume={83},
  number={6-7},
  pages={65},
  year={2021},
  publisher={Springer}
}

@article{kaid2023phenotype,
  title={A phenotype-structured model for the tumour-immune response},
  author={Kaid, Zineb and Clairambault, Jean and Pouchol, Camille},
  year={2023},
  note = {hal-03936993v2f}
}


@article{alvarez2023particle,
  title={A particle method for non-local advection--selection--mutation equations},
  author={Alvarez, Frank Ernesto and Guilberteau, Jules},
  journal={Mathematical Models and Methods in Applied Sciences},
  volume={34},
  number={04},
  pages={597--658},
  year={2024},
  publisher={World Scientific}
}

@article{guilberteau2023long,
  title={Long-time behaviour of an advection-selection equation},
  author={Guilberteau, Jules and Pouchol, Camille and Duteil, Nastassia Pouradier},
  journal={Discrete and Continuous Dynamical Systems-B},
  volume={29},
  number={7},
  pages={3097--3136},
  year={2024},
  publisher={Discrete and Continuous Dynamical Systems-B}
}

@article{guilberteau2023integrative,
  title={An integrative phenotype-structured partial differential equation model for the population dynamics of epithelial-mesenchymal transition},
  author={Guilberteau, Jules and Jain, Paras and Jolly, Mohit Kumar and Duteil, Nastassia Pouradier and Pouchol, Camille},
  journal={arXiv preprint arXiv:2309.09569},
  year={2023}
}

@article{lorenzi2022trade,
  title={Trade-offs between chemotaxis and proliferation shape the phenotypic structuring of invading waves},
  author={Lorenzi, Tommaso and Painter, Kevin J},
  journal={International Journal of Non-Linear Mechanics},
  volume={139},
  pages={103885},
  year={2022},
  publisher={Elsevier}
}

@article{macfarlane2022impact,
  title={The impact of phenotypic heterogeneity on chemotactic self-organisation},
  author={Macfarlane, Fiona R and Lorenzi, Tommaso and Painter, Kevin J},
  journal={Bulletin of Mathematical Biology},
  volume={84},
  number={12},
  pages={143},
  year={2022},
  publisher={Springer}
}

@article{lorenzi2023derivation,
  title={Derivation and travelling wave analysis of phenotype-structured haptotaxis models of cancer invasion},
  author={Lorenzi, Tommaso and Macfarlane, Fiona R and Painter, Kevin J},
  journal={European Journal of Applied Mathematics},
  pages={1--33},
  year={2024},
  publisher={Cambridge University Press}
}

%%%%%%%%%%%%%%

@article{carrillo2019population,
  title={A population dynamics model of cell-cell adhesion incorporating population pressure and density saturation},
  author={Carrillo, Jose A and Murakawa, Hideki and Sato, Makoto and Togashi, Hideru and Trush, Olena},
  journal={Journal of Theoretical Biology},
  volume={474},
  pages={14--24},
  year={2019},
  publisher={Elsevier}
}

@article{almeida2018evolution,
  title={Why is evolution important in cancer and what mathematics should be used to treat cancer? focus on drug resistance},
  author={Almeida, Lu{\'\i}s and Chisholm, Rebecca H and Clairambault, Jean and Lorenzi, Tommaso and Lorz, Alexander and Pouchol, Camille and Tr{\'e}lat, Emmanuel},
  journal={Trends in Biomathematics: Modeling, Optimization and Computational Problems},
  pages={107--120},
  year={2018},
  publisher={Springer}
}

@article{ferrand2014loss,
  title={Loss of WISP2/CCN5 in estrogen-dependent MCF7 human breast cancer cells promotes a stem-like cell phenotype},
  author={Ferrand, Nathalie and Gnanapragasam, Anne and Dorothee, Guillaume and Redeuilh, G{\'e}rard and Larsen, Annette K and Sabbah, Mich{\`e}le},
  journal={PloS One},
  volume={9},
  number={2},
  pages={e87878},
  year={2014},
  publisher={Public Library of Science San Francisco, USA}
}

@article{zaoui2019breast,
  title={Breast-associated adipocytes secretome induce fatty acid uptake and invasiveness in breast cancer cells via CD36 independently of body mass index, menopausal status and mammary density},
  author={Zaoui, Maurice and Morel, Mehdi and Ferrand, Nathalie and Fellahi, Soraya and Bastard, Jean-Philippe and Lamazi{\`e}re, Antonin and Larsen, Annette Kragh and B{\'e}r{\'e}ziat, V{\'e}ronique and Atlan, Michael and Sabbah, Mich{\`e}le},
  journal={Cancers},
  volume={11},
  number={12},
  pages={2012},
  year={2019},
  publisher={Multidisciplinary Digital Publishing Institute}
}

@article{ravasio2015gap,
  title={Gap geometry dictates epithelial closure efficiency},
  author={Ravasio, Andrea and Cheddadi, Ibrahim and Chen, Tianchi and Pereira, Telmo and Ong, Hui Ting and Bertocchi, Cristina and Brugues, Agusti and Jacinto, Antonio and Kabla, Alexandre J and others},
  journal={Nature Communications},
  volume={6},
  number={1},
  pages={1--13},
  year={2015},
  publisher={Nature Publishing Group}
}

@incollection{perthame2015parabolic,
  title={Parabolic equations in biology},
  author={Perthame, Beno{\^\i}t},
  booktitle={Parabolic Equations in Biology},
  pages={1--21},
  year={2015},
  publisher={Springer}
}

@article{vetter2016mir,
  title={miR-661 expression in SNAI1-induced epithelial to mesenchymal transition contributes to breast cancer cell invasion by targeting Nectin-1 and StarD10 messengers},
  author={Vetter, G and Saumet, A and Moes, Mich{\`e}le and Vallar, L and Le B{\'e}chec, Antony and Laurini, Christina and Sabbah, M and Arar, K and Theillet, C and Lecellier, C-H and others},
  journal={Oncogene},
  volume={35},
  number={5},
  pages={670},
  year={2016},
  publisher={Nature Publishing Group}
}

@article{sabbah2008molecular,
  title={Molecular signature and therapeutic perspective of the epithelial-to-mesenchymal transitions in epithelial cancers},
  author={Sabbah, Mich{\`e}le and Emami, Shahin and Redeuilh, G{\'e}rard and Julien, Sylvia and Pr{\'e}vost, Gr{\'e}goire and Zimber, Amazia and Ouelaa, Radia and Bracke, Marc and De Wever, Olivier and Gespach, Christian},
  journal={Drug Resistance Updates},
  volume={11},
  number={4-5},
  pages={123--151},
  year={2008},
  publisher={Elsevier}
}

@article{de2008molecular,
  title={Molecular and pathological signatures of epithelial--mesenchymal transitions at the cancer invasion front},
  author={De Wever, Olivier and Pauwels, Patrick and De Craene, Bram and Sabbah, Mich{\`e}le and Emami, Shahin and Redeuilh, G{\'e}rard and Gespach, Christian and Bracke, Marc and Berx, Geert},
  journal={Histochemistry and Cell Biology},
  volume={130},
  number={3},
  pages={481},
  year={2008},
  publisher={Springer}
}

@article{carey2018big,
  title={A big data pipeline: Identifying dynamic gene regulatory networks from time-course gene expression omnibus data with applications to influenza infection},
  author={Carey, Michelle and Ram{\'\i}rez, Juan Camilo and Wu, Shuang and Wu, Hulin},
  journal={Statistical Methods in Medical Research},
  volume={27},
  number={7},
  pages={1930--1955},
  year={2018},
  publisher={SAGE Publications Sage UK: London, England}
}

@article{chisholm2016cell,
	Author = {Chisholm, Rebecca H and Lorenzi, Tommaso and Clairambault, Jean},
	Journal = {Biochimica et Biophysica Acta (BBA)-General Subjects},
	Number = {11},
	Pages = {2627--2645},
	Publisher = {Elsevier},
	Title = {Cell population heterogeneity and evolution towards drug resistance in cancer: Biological and mathematical assessment, theoretical treatment optimisation},
	Volume = {1860},
	Year = {2016}}
	
@article{berestycki2015existence,
  title={Existence of self-accelerating fronts for a non-local reaction-diffusion equations},
  author={Berestycki, Nathana{\"e}l and Mouhot, Cl{\'e}ment and Raoul, Ga{\"e}l},
  journal={arXiv preprint arXiv:1512.00903},
  year={2015}
}
	
@article{byrne2010dissecting,
  title={Dissecting cancer through mathematics: from the cell to the animal model},
  author={Byrne, Helen M},
  journal={Nature Reviews Cancer},
  volume={10},
  number={3},
  pages={221--230},
  year={2010},
  publisher={Nature Publishing Group}
}

@article{fisher1937wave,
  title={The wave of advance of advantageous genes},
  author={Fisher, Ronald Aylmer},
  journal={Annals of Eugenics},
  volume={7},
  number={4},
  pages={355--369},
  year={1937},
  publisher={Wiley Online Library}
}

@article{saitoh2018involvement,
  title={Involvement of partial EMT in cancer progression},
  author={Saitoh, Masao},
  journal={The Journal of Biochemistry},
  volume={164},
  number={4},
  pages={257--264},
  year={2018},
  publisher={Oxford University Press}
}

@article{tzanakakis2018role,
  title={Role of the extracellular matrix in cancer-associated epithelial to mesenchymal transition phenomenon},
  author={Tzanakakis, George and Kavasi, Rafaela-Maria and Voudouri, Kallirroi and Berdiaki, Aikaterini and Spyridaki, Ioanna and Tsatsakis, Aristidis and Nikitovic, Dragana},
  journal={Developmental Dynamics},
  volume={247},
  number={3},
  pages={368--381},
  year={2018},
  publisher={Wiley Online Library}
}

@article{weerasinghe2019mathematical,
  title={Mathematical models of cancer cell plasticity},
  author={Weerasinghe, Hasitha N and Burrage, Pamela M and Burrage, Kevin and Nicolau, Dan V},
  journal={Journal of Oncology},
  volume={2019},
  year={2019},
  publisher={Hindawi}
}

@article{maini2004using,
  title={Using mathematical models to help understand biological pattern formation},
  author={Maini, Philip K},
  journal={Comptes rendus biologies},
  volume={327},
  number={3},
  pages={225--234},
  year={2004},
  publisher={Elsevier}
}

@article{villa2021mechanical,
  title={Mechanical Models of Pattern and Form in Biological Tissues: The Role of Stress--Strain Constitutive Equations},
  author={{Villa}, Chiara and Chaplain, Mark A J and Gerisch, Alf and Lorenzi, Tommaso},
  journal={Bulletin of Mathematical Biology},
  volume={83},
  number={7},
  pages={1--38},
  year={2021},
  publisher={Springer},
  note={DOI: 10.1007/s11538-021-00912-5}
}

@article{berestycki2009non,
  title={The non-local Fisher--KPP equation: travelling waves and steady states},
  author={Berestycki, Henri and Nadin, Gr{\'e}goire and Perthame, Benoit and Ryzhik, Lenya},
  journal={Nonlinearity},
  volume={22},
  number={12},
  pages={2813},
  year={2009},
  publisher={IOP Publishing}
}

@article{benichou2012front,
  title={Front acceleration by dynamic selection in Fisher population waves},
  author={Benichou, Olivier and Calvez, Vincent and Meunier, Nicolas and Voituriez, Raphael},
  journal={Physical Review E},
  volume={86},
  number={4},
  pages={041908},
  year={2012},
  publisher={APS}
}

@article{maini1989spatial,
  title={Spatial and spatio-temporal patterns in a cell-haptotaxis model},
  author={Maini, PK},
  journal={Journal of Mathematical Biology},
  volume={27},
  number={5},
  pages={507--522},
  year={1989},
  publisher={Springer}
}

@article{diekmann2005dynamics,
	Author = {Diekmann, Odo and Jabin, Pierre-Emanuel and Mischler, St{\'e}phane and Perthame, Beno{\i}t},
	Journal = {Theoretical Population Biology},
	Number = {4},
	Pages = {257--271},
	Publisher = {Elsevier},
	Title = {The dynamics of adaptation: an illuminating example and a Hamilton--Jacobi approach},
	Volume = {67},
	Year = {2005}}

@article{loy2020modelling,
  title={Modelling physical limits of migration by a kinetic model with non-local sensing},
  author={Loy, Nadia and Preziosi, Luigi},
  journal={Journal of Mathematical Biology},
  volume={80},
  number={6},
  pages={1759--1801},
  year={2020},
  publisher={Springer}
}

@article{painter2009modelling,
  title={Modelling cell migration strategies in the extracellular matrix},
  author={Painter, KJ},
  journal={Journal of Mathematical Biology},
  volume={58},
  number={4},
  pages={511--543},
  year={2009},
  publisher={Springer}
}

@book{levine2020phenotypic,
  title={Phenotypic Switching: Implications in Biology and Medicine},
  author={Levine, Herbert and Jolly, Mohit Kumar and Kulkarni, Prakash and Nanjundiah, Vidyanand},
  year={2020},
  publisher={Academic Press}
}

@article{kang2019role,
  title={Role of metabolic reprogramming in epithelial--mesenchymal transition (EMT)},
  author={Kang, Hyunkoo and Kim, Hyunwoo and Lee, Sungmin and Youn, HyeSook and Youn, BuHyun},
  journal={International Journal of Molecular Sciences},
  volume={20},
  number={8},
  pages={2042},
  year={2019},
  publisher={Multidisciplinary Digital Publishing Institute}
}

@article{villa2021modeling,
  title={Modeling the emergence of phenotypic heterogeneity in vascularized tumors},
  author={{Villa}, Chiara and Chaplain, Mark A J and Lorenzi, Tommaso},
  journal={SIAM Journal on Applied Mathematics},
  volume={81},
  number={2},
  pages={434--453},
  year={2021},
  publisher={SIAM},
  note={DOI: 10.1137/19M1293971}
}

@article{goodman1989e8,
	author = {Goodman, Simon L and Risse, Gundula and von der Mark, Klaus},
	journal = {The Journal of Cell Biology},
	number = {2},
	pages = {799--809},
	title = {The E8 subfragment of laminin promotes locomotion of myoblasts over extracellular matrix.},
	volume = {109},
	year = {1989}}

@article{villa2021evolutionary,
  title={Evolutionary Dynamics in Vascularised Tumours under Chemotherapy: Mathematical Modelling, Asymptotic Analysis and Numerical Simulations},
  author={{Villa}, Chiara and Chaplain, Mark A J and Lorenzi, Tommaso},
  journal={Vietnam Journal of Mathematics},
  volume={49},
  number={1},
  pages={143--167},
  year={2021},
  publisher={Springer},
  note={ DOI: 10.1007/s10013-020-00445-9}
}

@article{friedl2003tumour,
  title={Tumour-cell invasion and migration: diversity and escape mechanisms},
  author={Friedl, Peter and Wolf, Katarina},
  journal={Nature Reviews Cancer},
  volume={3},
  number={5},
  pages={362--374},
  year={2003},
  publisher={Nature Publishing Group}
}

@article{polyak2009transitions,
  title={Transitions between epithelial and mesenchymal states: acquisition of malignant and stem cell traits},
  author={Polyak, Kornelia and Weinberg, Robert A},
  journal={Nature Reviews Cancer},
  volume={9},
  number={4},
  pages={265--273},
  year={2009},
  publisher={Nature Publishing Group}
}

@article{lorenzi2020discrete,
  title={Discrete and continuum models for the evolutionary and spatial dynamics of cancer: a very short introduction through two case studies},
  author={Lorenzi, Tommaso and Macfarlane, Fiona R and {Villa}, Chiara},
  journal={Trends in Biomathematics: Modeling Cells, Flows, Epidemics, and the Environment: Selected Works from the BIOMAT Consortium Lectures, Szeged, Hungary, 2019},
  pages={359--380},
  year={2020},
  publisher={Springer},
  note={DOI: 10.1007/978-3-030-46306-9\_22}
}

@article{lorenzi2020invasion,
  title={Invasion fronts and adaptive dynamics in a model for the growth of cell populations with heterogeneous mobility},
  author={Lorenzi, Tommaso and Perthame, Beno{\^\i}t and Ruan, Xinran},
  journal={European Journal of Applied Mathematics},
  pages={1--18},
  note = {doi:10.1017/S0956792521000218},
  year={2021}
}

@article{lorenzi2018role,
  title={The role of spatial variations of abiotic factors in mediating intratumour phenotypic heterogeneity},
  author={Lorenzi, Tommaso and Venkataraman, Chandrasekhar and Lorz, Alexander and Chaplain, Mark A J},
  journal={Journal of Theoretical Biology},
  volume={451},
  pages={101--110},
  year={2018},
  publisher={Elsevier}
}

@article{bouin2012invasion,
  title={Invasion fronts with variable motility: phenotype selection, spatial sorting and wave acceleration},
  author={Bouin, Emeric and Calvez, Vincent and Meunier, Nicolas and Mirrahimi, Sepideh and Perthame, Beno{\^\i}t and Raoul, Ga{\"e}l and Voituriez, Rapha{\"e}l},
  journal={Comptes Rendus Mathematique},
  volume={350},
  number={15-16},
  pages={761--766},
  year={2012},
  publisher={Elsevier}
}

@article{bouin2014travelling,
  title={Travelling waves for the cane toads equation with bounded traits},
  author={Bouin, Emeric and Calvez, Vincent},
  journal={Nonlinearity},
  volume={27},
  number={9},
  pages={2233},
  year={2014},
  publisher={IOP Publishing}
}

@article{lorenzi2020asymptotic,
  title={Asymptotic analysis of selection-mutation models in the presence of multiple fitness peaks},
  author={Lorenzi, Tommaso and Pouchol, Camille},
  journal={Nonlinearity},
  volume={33},
  number={11},
  pages={5791},
  year={2020},
  publisher={IOP Publishing}
}

@article{bubba2019chemotaxis,
  title={A chemotaxis-based explanation of spheroid formation in 3D cultures of breast cancer cells},
  author={Bubba, Federica and Pouchol, Camille and Ferrand, Nathalie and Vidal, Guillaume and Almeida, Luis and Perthame, Beno{\^\i}t and Sabbah, Mich{\`e}le},
  journal={Journal of Theoretical Biology},
  volume={479},
  pages={73--80},
  year={2019},
  publisher={Elsevier}
}

@article{almeida2019evolution,
  title={Evolution of cancer cell populations under cytotoxic therapy and treatment optimisation: insight from a phenotype-structured model},
  author={Almeida, Lu{\'\i}s and Bagnerini, Patrizia and Fabrini, Giulia and Hughes, Barry D and Lorenzi, Tommaso},
  journal={ESAIM: Mathematical Modelling and Numerical Analysis},
  volume={53},
  number={4},
  pages={1157--1190},
  year={2019},
  publisher={EDP Sciences}
}

@article{mirrahimi2017hamilton,
  title={A Hamilton--Jacobi approach to characterize the evolutionary equilibria in heterogeneous environments},
  author={Mirrahimi, Sepideh},
  journal={Mathematical Models and Methods in Applied Sciences},
  volume={27},
  number={13},
  pages={2425--2460},
  year={2017},
  publisher={World Scientific}
}

@article{mirrahimi2020evolution,
  title={Evolution of specialization in heterogeneous environments: equilibrium between selection, mutation and migration},
  author={Mirrahimi, Sepideh and Gandon, Sylvain},
  journal={Genetics},
  volume={214},
  number={2},
  pages={479--491},
  year={2020},
  publisher={Oxford University Press}
}

@article{ardavseva2020evolutionary,
  title={Evolutionary dynamics of competing phenotype-structured populations in periodically fluctuating environments},
  author={Arda{\v{s}}eva, Aleksandra and Gatenby, Robert A and Anderson, Alexander R A and Byrne, Helen M and Maini, Philip K and Lorenzi, Tommaso},
  journal={Journal of Mathematical Biology},
  volume={80},
  number={3},
  pages={775--807},
  year={2020},
  publisher={Springer}
}

@article{ardavseva2019dissecting,
	Author = {Arda{\v{s}}eva, Aleksandra and Gatenby, Robert A. and Anderson, Alexander R. A. and Byrne, Helen M. and Maini, Philip K. and Lorenzi, Tommaso},
	Isbn = {1522-9602},
	Journal = {Bulletin of Mathematical Biology},
	Number = {6},
	Pages = {81},
	Title = {A mathematical dissection of the adaptation of cell populations to fluctuating oxygen levels},
	Volume = {82},
	Year = {2020}}

@article{fiandaca2021mathematical,
  title={A mathematical study of the influence of hypoxia and acidity on the evolutionary dynamics of cancer},
  author={Fiandaca, Giada and Delitala, Marcello and Lorenzi, Tommaso},
  journal={Bulletin of Mathematical Biology},
  volume={83},
  number={7},
  pages={1--29},
  year={2021},
  publisher={Springer}
}

@article{chen2020mathematical,
  title={Mathematical models for cell migration: a non-local perspective},
  author={Chen, Li and Painter, Kevin and Surulescu, Christina and Zhigun, Anna},
  journal={Philosophical Transactions of the Royal Society B},
  volume={375},
  number={1807},
  pages={20190379},
  year={2020},
  publisher={The Royal Society}
}

@article{barles2009concentration,
	Author = {Barles, Guy and Mirrahimi, Sepideh and Perthame, Beno{\^\i}t and others},
	Journal = {Methods and Applications of Analysis},
	Number = {3},
	Pages = {321--340},
	Publisher = {International Press of Boston},
	Title = {Concentration in Lotka-Volterra parabolic or integral equations: a general convergence result},
	Volume = {16},
	Year = {2009}}

@article{chisholm2016effects,
	Author = {Chisholm, Rebecca H and Lorenzi, Tommaso and Lorz, Alexander},
	Journal = {Communications in Mathematical Sciences},
	Number = {4},
	Pages = {1181--1188},
	Publisher = {International Press of Boston},
	Title = {Effects of an advection term in nonlocal lotka--volterra equations},
	Volume = {14},
	Year = {2016}}

@article{lorz2011dirac,
	Author = {Lorz, Alexander and Mirrahimi, Sepideh and Perthame, Beno{\^\i}t},
	Journal = {Communications in Partial Differential Equations},
	Number = {6},
	Pages = {1071--1098},
	Publisher = {Taylor \& Francis},
	Title = {Dirac mass dynamics in multidimensional nonlocal parabolic equations},
	Volume = {36},
	Year = {2011}}

@article{perthame2008dirac,
  title={Dirac concentrations in lotka-volterra parabolic pdes},
  author={Perthame, Beno{\^\i}t and Barles, Guy},
  journal={Indiana University Mathematics Journal},
  pages={3275--3301},
  year={2008},
  publisher={JSTOR}
}

@book{perthame2006transport,
	Author = {Perthame, Beno{\^\i}t},
	Publisher = {Springer Science \& Business Media},
	Title = {Transport equations in biology},
	Year = {2006}}

@article{desvillettes2008selection,
	Author = {Desvillettes, Laurent and Jabin, Pierre-Emmanuel and Mischler, St{\'e}phane and Raoul, Ga{\"e}l and others},
	Journal = {Communications in Mathematical Sciences},
	Number = {3},
	Pages = {729--747},
	Publisher = {International Press of Boston},
	Title = {On selection dynamics for continuous structured populations},
	Volume = {6},
	Year = {2008}}

@article{chisholm2015emergence,
	Author = {Chisholm, Rebecca H and Lorenzi, Tommaso and Lorz, Alexander and Larsen, Annette K and Almeida, Luis and Escargueil, Alexandre and Clairambault, Jean},
	Journal = {Cancer Research},
	Number = {6},
	Pages = {930--939},
	Publisher = {AACR},
	Title = {Emergence of drug tolerance in cancer cell populations: an evolutionary outcome of selection, non-genetic instability and stress-induced adaptation},
	Volume = {75},
	Year = {2015}}

@article{lorenzi2016tracking,
	Author = {Lorenzi, Tommaso and Chisholm, Rebecca H and Clairambault, Jean},
	Journal = {Biology Direct},
	Number = {1},
	Pages = {43},
	Publisher = {BioMed Central},
	Title = {Tracking the evolution of cancer cell populations through the mathematical lens of phenotype-structured equations},
	Volume = {11},
	Year = {2016}}

@article{stace2020discrete,
	Author = {Stace, Rebecca EA and Stiehl, Thomas and Chaplain, Mark A J and Marciniak-Czochra, Anna and Lorenzi, Tommaso},
	Journal = {Mathematical Modelling of Natural Phenomena},
	Pages = {14},
	Publisher = {EDP Sciences},
	Title = {Discrete and continuum phenotype-structured models for the evolution of cancer cell populations under chemotherapy},
	Volume = {15},
	Year = {2020}}


@article{jabin2016selection,
  title={Selection-Mutation dynamics with spatial dependence},
  author={Jabin, Pierre-Emmanuel and Schram, Raymond Strother},
  journal={Journal de Math{\'e}matiques Pures et Appliqu{\'e}es},
  volume={176},
  pages={1--17},
  year={2023},
  publisher={Elsevier}
}

@article{lorz2015modelling,
	Author = {Lorz, Alexander and Lorenzi, Tommaso and Clairambault, Jean and Escargueil, Alexandre and Perthame, Beno{\^\i}t},
	Journal = {Bulletin of Mathematical Biology},
	Number = {1},
	Pages = {1--22},
	Publisher = {Springer},
	Title = {Modeling the effects of space structure and combination therapies on phenotypic heterogeneity and drug resistance in solid tumors},
	Volume = {77},
	Year = {2015}}

@article{mirrahimi2015asymptotic,
	Author = {Mirrahimi, Sepideh and Perthame, Beno{\^\i}t},
	Journal = {Journal de Math{\'e}matiques Pures et Appliqu{\'e}es},
	Number = {6},
	Pages = {1108--1118},
	Publisher = {Elsevier},
	Title = {Asymptotic analysis of a selection model with space},
	Volume = {104},
	Year = {2015}}

@article{bouin2015hamilton,
	Author = {Bouin, Emeric and Mirrahimi, Sepideh},
	Journal = {Communications in Mathematical Sciences},
	Number = {6},
	Pages = {1431--1452},
	Title = {A {H}amilton-{J}acobi approach for a model of population structured by space and trait},
	Volume = {13},
	Year = {2015}}

	@article{calvez2018non,
  title={Non-local competition slows down front acceleration during dispersal evolution},
  author={Calvez, Vincent and Henderson, Christopher and Mirrahimi, Sepideh and Turanova, Olga and Dumont, Thierry},
  journal={Annales Henri Lebesgue},
  volume={5},
  pages={1--71},
  year={2022}
}

@article{alfaro2013travelling,
	Author = {Alfaro, Matthieu and Coville, J{\'e}r{\^o}me and Raoul, Ga{\"e}l},
	Journal = {Communications in Partial Differential Equations},
	Number = {12},
	Pages = {2126--2154},
	Publisher = {Taylor \& Francis},
	Title = {Travelling waves in a nonlocal reaction-diffusion equation as a model for a population structured by a space variable and a phenotypic trait},
	Volume = {38},
	Year = {2013}}

@article{alfaro2017effect,
	Author = {Alfaro, Matthieu and Berestycki, Henri and Raoul, Ga{\"e}l},
	Journal = {SIAM Journal on Mathematical Analysis},
	Number = {1},
	Pages = {562--596},
	Publisher = {SIAM},
	Title = {The Effect of Climate Shift on a Species Submitted to Dispersion, Evolution, Growth, and Nonlocal Competition},
	Volume = {49},
	Year = {2017}}

@article{arnold2012existence,
	Author = {Arnold, Anton and Desvillettes, Laurent and Pr{\'e}vost, C{\'e}line},
	Journal = {Communications on Pure and Applied Analysis},
	Number = {1},
	Pages = {83--96},
	Title = {Existence of nontrivial steady states for populations structured with respect to space and a continuous trait},
	Volume = {11},
	Year = {2012}}


@article{perthame2016derivation,
  title={Derivation of the bacterial run-and-tumble kinetic equation from a model with biochemical pathway},
  author={Perthame, Beno{\^\i}t and Tang, Min and Vauchelet, Nicolas},
  journal={Journal of Mathematical Biology},
  volume={73},
  number={5},
  pages={1161--1178},
  year={2016},
  publisher={Springer}
}

@article{perumpanani2000traveling,
  title={Traveling shock waves arising in a model of malignant invasion},
  author={Perumpanani, AJ and Marchant, BP and Norbury, John},
  journal={SIAM Journal on Applied Mathematics},
  volume={60},
  number={2},
  pages={463--476},
  year={2000},
  publisher={SIAM}
}


@article{scott2019mechanochemical,
  title={Mechanochemical signaling of the extracellular matrix in epithelial-mesenchymal transition},
  author={Scott, Lewis E and Weinberg, Seth H and Lemmon, Christopher A},
  journal={Frontiers in Cell and Developmental Biology},
  volume={7},
  pages={135},
  year={2019},
  publisher={Frontiers Media SA}
}


@article{vauchelet2021numerical,
  title={Numerical scheme for kinetic transport equation with internal state},
  author={Vauchelet, Nicolas and Yasuda, Shugo},
  journal={Multiscale Modeling \& Simulation},
  volume={19},
  number={1},
  pages={184--207},
  year={2021},
  publisher={SIAM}
}


%%%%%%%%%%%%%%%%%%%%%%%%%%%%%%%%